<record><leader>00000cas a22000007a 4500</leader><controlfield tag="001">14410042</controlfield><controlfield tag="008">861017d18741886pauwr ne      0    0eng d</controlfield><datafield ind1=" " ind2=" " tag="010"><subfield code="a">sn 86053783 </subfield></datafield><datafield ind1=" " ind2=" " tag="040"><subfield code="a">NPX</subfield><subfield code="b">eng</subfield><subfield code="c">NPX</subfield><subfield code="d">NPH</subfield><subfield code="d">OCLCQ</subfield></datafield><datafield ind1=" " ind2=" " tag="042"><subfield code="a">msc</subfield></datafield><datafield ind1="0" ind2=" " tag="130"><subfield code="a">Enterprise (Newville, Pa.)</subfield></datafield><datafield ind1="1" ind2="4" tag="245"><subfield code="a">The enterprise.</subfield></datafield><datafield ind1=" " ind2=" " tag="260"><subfield code="a">Newville, Pa. :</subfield><subfield code="b">Fosnot Bro's.</subfield></datafield><datafield ind1=" " ind2=" " tag="300"><subfield code="a">v.</subfield></datafield><datafield ind1=" " ind2=" " tag="310"><subfield code="a">Weekly</subfield></datafield><datafield ind1="1" ind2=" " tag="362"><subfield code="a">Began in Dec. 1874; ceased in 1886.</subfield><subfield code="z">Cf. Hist. of Cumberland and Adams Counties, Pa., 1886.</subfield></datafield><datafield ind1=" " ind2=" " tag="500"><subfield code="a">Editor: H.J. Fosnot, &lt;1876&gt;.</subfield></datafield><datafield ind1=" " ind2=" " tag="588"><subfield code="a">Description based on: Vol. 5, no. 52 (July 6, 1876).</subfield></datafield><datafield ind1=" " ind2=" " tag="752"><subfield code="a">United States</subfield><subfield code="b">Pennsylvania</subfield><subfield code="c">Cumberland</subfield><subfield code="d">Newville.</subfield></datafield><datafield ind1="0" ind2="0" tag="780"><subfield code="t">Oakville enterprise</subfield><subfield code="w">(DLC)sn 84026121</subfield></datafield><datafield ind1="0" ind2="7" tag="785"><subfield code="t">Star of the Valley</subfield><subfield code="w">(DLC)sn 86081698</subfield></datafield><datafield ind1="0" ind2="7" tag="785"><subfield code="t">Star and enterprise</subfield><subfield code="w">(DLC)sn 89077642</subfield></datafield><datafield ind1="1" ind2=" " tag="029"><subfield code="a">AU@</subfield><subfield code="b">000025795100</subfield></datafield></record>